%% This BibTeX bibliography file was created using BibDesk.
%% http://bibdesk.sourceforge.net/


%% Created for Omar Alam at 2015-07-30 10:12:23 -0400 


%% Saved with string encoding Unicode (UTF-8) 



@article{Yuan2008,
	Author = {T. Yuan and C.-Y. She and D. A. Krueger and F. Sassi and R. Garcia and R. G. Roble and H.-L. Liu and H. Schmidt},
	Date-Added = {2015-07-29 14:22:39 +0000},
	Date-Modified = {2015-07-30 01:41:09 +0000},
	Journal = {Journal of Geophysical Research},
	Number = {D03105},
	Title = {Climatology of mesopause region temperature, zonal wind, and meridional wind over Fort Collins, Colorado ($41^\circ$ N, $105^\circ$ W), and comparison with model simulations},
	Volume = {113},
	Year = {2008}}

@techreport{VSRT43,
	Author = {A. E. E. Rogers},
	Date-Added = {2015-07-29 14:08:26 +0000},
	Date-Modified = {2015-07-30 14:12:20 +0000},
	Institution = {{MIT Haystack Observatory}},
	Journal = {VSRT and MOSAIC Memo Series},
	Number = {43},
	Title = {Ozone Kinetic Temperature in the Lower Thermosphere},
	Year = {2008}}

@article{McLennan1927,
	Author = {J. C. McLennan and J. H. McLeod},
	Date-Added = {2015-07-29 13:44:35 +0000},
	Date-Modified = {2015-07-30 01:35:43 +0000},
	Journal = {{Proc. Roy. Soc. Lon. A}},
	Month = {1 August},
	Number = {772},
	Pages = {515-527},
	Title = {On the Wave--Length of the Green Auroral Line in the Oxygen Spectrum},
	Volume = {115},
	Year = {1927}}

@conference{Kohen2007,
	Author = {T. Kohen and N. Aponte and M. J. Nicolls and E. Robles and C. A. Tepley and S. A. Gonz\'alez},
	Date-Added = {2015-07-28 19:57:50 +0000},
	Date-Modified = {2015-07-30 01:40:47 +0000},
	Organization = {IEEE},
	Series = {Radar Conference},
	Title = {A Comparison of Long-term Meridional Neutral Winds extracted from Arecibo Incoherent Scatter Radar with the Neutral Winds Obtained via Fabry Perot Interferometry},
	Year = {2007}}

@article{Dartt1983,
	Author = {D. Dartt and G. Nastrom and A. Belmont},
	Date-Added = {2015-07-28 19:40:15 +0000},
	Date-Modified = {2015-07-29 19:36:22 +0000},
	Journal = {Journal of Atmospheric and Terrestrial Physics},
	Month = {12 May},
	Number = {10},
	Pages = {707-718},
	Title = {Seasonal and solar cycle wind variations, 80--100 km},
	Volume = {45},
	Year = {1983}}

@article{Yuan2013,
	Author = {W. Yuan and X. Liu and J. Xu and Q. Zhou and G. Jiang and R. Ma},
	Date-Added = {2015-07-28 19:29:37 +0000},
	Date-Modified = {2015-07-30 01:41:13 +0000},
	Journal = {Annales Geophysicae},
	Month = {7 August},
	Pages = {1365-1378},
	Title = {FPI observations of nighttime mesospheric and thermospheric winds in China and their comparisons with HWM07},
	Volume = {31},
	Year = {2013}}

@article{Drob2008,
	Author = {D. P. Drob and J. T. Emmert and G. Crowley and J. M. Picone and G. G. Shepherd and W. Skinner and P. Hays and R. J. Niciejewski and M. Larsen and C. Y. She and J. W. Meriwether and G. Hernandez and M. J. Jarvis and D. P. Sipler and C. A. Tepley and M. S. O'Brien and J. R. Bowman and Q. Wu and Y. Murayama and S. Kawamura and I. M. Reid and R. A. Vincent},
	Date-Added = {2015-07-28 19:21:00 +0000},
	Date-Modified = {2015-07-28 19:25:06 +0000},
	Journal = {Journal of Geophysical Research},
	Number = {A12304},
	Title = {An empirical model of the Earth's horizontal wind fields: HWM07},
	Urldate = {bit.ly/1ON6uKP},
	Volume = {113},
	Year = {2008}}

@article{Brasseur2000,
	Author = {G. P. Brasseur and A. K. Smith and R. Khosravi and T. Huang and S. Walters and S. Chabrillat and G. Kockarts},
	Date-Added = {2015-07-28 19:07:02 +0000},
	Date-Modified = {2015-07-30 01:40:59 +0000},
	Journal = {American Geophysical Union},
	Title = {Natural and Human-Induced Perturbations in the Middle Atmosphere: A Short Tutorial},
	Year = {2000}}

@article{Xiao2006,
	Author = {C. Y. Xiao and X. Hu and X. X. Zhang and D. Y. Zhang and X. C. Wu and X. Y. Gong and K. Igarashi},
	Date-Added = {2015-07-28 19:05:13 +0000},
	Date-Modified = {2015-07-29 19:36:15 +0000},
	Journal = {Advances in Space Research},
	Pages = {1267-1277},
	Title = {Interpretation of the mesospheric and lower thermospheric mean winds observed by MF radar at about $30^\circ$ N with the 2D-SOCRATES model},
	Volume = {39},
	Year = {2007}}

@techreport{VSRT40,
	Author = {A. E. E. Rogers},
	Date-Added = {2015-07-28 15:03:33 +0000},
	Date-Modified = {2015-07-30 14:12:22 +0000},
	Institution = {{MIT Haystack Observatory}},
	Journal = {VSRT and MOSAIC Memo Series},
	Month = {15 April},
	Number = {40},
	Title = {Modeling the diurnal variation of ozone },
	Year = {2008}}

@techreport{VSRT58,
	Author = {V. L. Fish},
	Date-Added = {2015-07-28 15:01:15 +0000},
	Date-Modified = {2015-07-30 14:12:18 +0000},
	Institution = {{MIT Haystack Observatory}},
	Journal = {VSRT and MOSAIC Memo Series},
	Month = {24 March},
	Number = {58},
	Title = {Equation for the buildup of ozone at sunset},
	Year = {2009}}

@article{Hedin2009,
	Author = {J. Hedin and J. Gumbel and J. Stegman and G. Witt},
	Date-Added = {2015-07-28 14:52:22 +0000},
	Date-Modified = {2015-07-30 01:40:31 +0000},
	Journal = {Atmospheric Measurement Techniques},
	Month = {10 December},
	Pages = {801-812},
	Title = {Use of $\text{O}_2$ airglow for calibrating direct atomic oxygen measurements from sounding rockets},
	Volume = {2},
	Year = {2009}}

@article{Phillips1994,
	Author = {A. Phillips and A. H. Manson and C. E. Meek and E. J. Llewellyn},
	Date-Added = {2015-07-28 14:29:51 +0000},
	Date-Modified = {2015-07-30 01:36:43 +0000},
	Journal = {Journal of Geophysical Research},
	Month = {20 June},
	Number = {D6},
	Pages = {12923-12935},
	Title = {A long--term comparison of middle atmosphere winds measured at Saskatoon ($52^\circ$ N, $106^\circ$ W) by a medium--frequency radar and a Fabry--Perot interferometer},
	Volume = {99},
	Year = {1994}}

@webpage{glow,
	Author = {{Atmospheric Optics}},
	Date-Added = {2015-07-28 14:14:32 +0000},
	Date-Modified = {2015-07-30 01:37:38 +0000},
	Title = {Airglow Formation},
	Url = {http://www.atoptics.co.uk/highsky/airglow2.htm},
	Year = {2015}}

@article{Gao2012,
	Author = {H. Gao and J.-B. Nee and J. Xu},
	Date-Added = {2015-07-27 21:20:46 +0000},
	Date-Modified = {2015-07-30 01:36:27 +0000},
	Journal = {Annales Geophysicae},
	Month = {April},
	Pages = {695-701},
	Title = {The emission of oxygen green line and density of O atom determined by using ISUAL and SABER measurements},
	Volume = {30},
	Year = {2012}}

@webpage{fpi,
	Author = {{MIT Haystack Observatory}},
	Date-Added = {2015-07-27 21:17:44 +0000},
	Date-Modified = {2015-07-30 01:34:01 +0000},
	Title = {{Atmospheric Optics Facility}},
	Url = {bit.ly/1MyzoA3},
	Year = {2015}}

@book{PhysAtmos,
	Author = {J. T. Houghton },
	Date-Added = {2015-07-23 15:26:15 +0000},
	Date-Modified = {2015-07-23 15:26:55 +0000},
	Edition = {2nd},
	Publisher = {Cambridge University Press},
	Title = {The Physics of Atmospheres},
	Year = {2002}}

@webpage{OzoneBook,
	Author = {{Old Dominion University}},
	Date-Added = {2015-07-23 13:27:44 +0000},
	Date-Modified = {2015-07-30 01:28:08 +0000},
	Title = {Stratospheric Ozone},
	Url = {bit.ly/1fowq2S},
	Year = {2003}}

@webpage{VSRTMain,
	Author = {{MIT Haystack Observatory}},
	Date-Added = {2015-07-23 13:08:08 +0000},
	Date-Modified = {2015-07-30 01:39:13 +0000},
	Title = {{VSRT and MOSAIC Homepage}},
	Url = {bit.ly/1LwUn64}}

@techreport{VSRT77,
	Author = {A. E. E. Rogers and O. B. Alam},
	Date-Added = {2015-07-22 21:35:17 +0000},
	Date-Modified = {2015-07-30 14:12:17 +0000},
	Institution = {{MIT Haystack Observatory}},
	Journal = {VSRT and MOSAIC Memo Series},
	Month = {July},
	Number = {77},
	Title = {Two channel spectrometer using Intel NUC },
	Year = {2015}}

@webpage{SR3602,
	Author = {{X2 Square Technology}},
	Date-Added = {2015-07-22 19:32:37 +0000},
	Date-Modified = {2015-07-30 01:32:44 +0000},
	Title = {{Technical Specifications: Ku-Band $\text{L}$-$40\text{I}$}},
	Url = {bit.ly/1RRo8lZ},
	Year = {2014}}

@misc{mbands,
	Author = {IEEE},
	Date-Added = {2015-07-22 18:52:16 +0000},
	Date-Modified = {2015-07-30 01:31:00 +0000},
	Title = {Frequency Letter bands},
	Url = {bit.ly/1Ml0IAy},
	Year = {2015}}

@article{Portnyagin2004,
	Author = {Yu. Portnyagin and T. Solovjova and E. Merzlyakov and J. Forbes and S. Palo and D. Ortland and W. Hocking and J. MacDougall and T. Thayaparan and A. Manson and C. Meek and P. Hoffmann and W. Singer and N. Mitchell and D. Pancheva and K. Igarashi and Y. Murayama and Ch. Jacobi and D. Kuerschner and A. Fahrutdinova and D. Korotyshkin and R. Clark and M. Taylor and S. Franke and D. Fritts and T. Tsuda and T. Nakamura and S. Gurubaran and R. Rajaram and R. Vincent and S. Kovalam and P. Batista and G. Poole and S. Malinga and G. Fraser and D. Murphy and D. Riggin and T. Aso and M. Tsutsumi},
	Date-Added = {2015-07-22 14:49:03 +0000},
	Date-Modified = {2015-07-30 01:41:23 +0000},
	Journal = {Advances in Space Research},
	Month = {April},
	Pages = {1755-1762},
	Title = {Mesosphere/lower thermosphere prevailing wind model},
	Volume = {34},
	Year = {2004}}

@article{Hedin1996,
	Author = {A. E. Hedin and E. L. Fleming and A. H. Manson and F. J. Schmidlin and S. K. Avery and R. R. Clark and S. J. Franke and G. J. Fraser and T. Tsuda and F. Vial and R. A. Vincent},
	Date-Added = {2015-07-22 14:01:00 +0000},
	Date-Modified = {2015-07-22 14:02:01 +0000},
	Journal = {Journal of Atmospheric and Terrestrial Physics},
	Month = {April},
	Number = {13},
	Pages = {1421-1447},
	Title = {Empirical wind model for the upper, middle, and lower amtosphere},
	Volume = {58},
	Year = {1996}}

@article{Gerding2008,
	Author = {M. Gerding and J. H\"offner and J. Lautenbach and M. Rauthe and F.-J. L\"ubken},
	Date-Added = {2015-07-22 13:32:20 +0000},
	Date-Modified = {2015-07-22 17:20:44 +0000},
	Journal = {Atmospheric Chemistry and Physics},
	Month = {December},
	Pages = {7465-7482},
	Title = {Seasonal variation of nocturnal temperatures between 1 and 105 km altitude at $54^\circ$ $~\text{N}$ observed by lidar},
	Volume = {8},
	Year = {2008}}

@techreport{True2014,
	Author = {E. True},
	Date-Added = {2015-07-21 17:07:20 +0000},
	Date-Modified = {2015-07-30 01:38:35 +0000},
	Institution = {{MIT Haystack Observatory}},
	Journal = {VSRT and MOSAIC Memo Series},
	Month = {August},
	Number = {76},
	Title = {Development of a Low Cost Multichannel Spectrometer for the Study of Ozone in the Mesosphere},
	Url = {bit.ly/1SnJGkS},
	Year = {2014}}

@webpage{Weath,
	Author = {{The Weather Channel}},
	Date-Added = {2015-07-20 20:58:42 +0000},
	Date-Modified = {2015-07-21 20:31:45 +0000},
	Month = {26 June},
	Url = {bit.ly/1FKwNu8},
	Year = {2015},
	Bdsk-Url-1 = {bit.ly/1FKwNu8}}

@webpage{EngBox,
	Author = {{Engineering Toolbox}},
	Date-Added = {2015-07-20 20:57:54 +0000},
	Date-Modified = {2015-07-21 20:32:27 +0000},
	Month = {June},
	Url = {bit.ly/1oD60OD},
	Year = {2015},
	Bdsk-Url-1 = {bit.ly/1oD60OD}}

@book{Meeks1976,
	Author = {M. L. Meeks},
	Date-Added = {2015-07-20 20:55:54 +0000},
	Date-Modified = {2015-07-21 13:30:43 +0000},
	Pages = {175},
	Publisher = {Academic Press},
	Title = {Methods of Experimental Physics: Astrophysics},
	Volume = {12B},
	Year = {1976}}

@misc{AlamGit,
	Author = {O. B. Alam},
	Date-Added = {2015-07-20 19:38:38 +0000},
	Date-Modified = {2015-07-21 13:31:58 +0000},
	Month = {July},
	Title = {Ozone Spectrometer GitHub Repository},
	Url = {bit.ly/1OsnYf8},
	Year = {2015},
	Bdsk-Url-1 = {https://github.com/oba3/Ozone-Spectrometer/tree/master}}

@book{Balanis1997,
	Author = {C. A. Balanis},
	Date-Added = {2015-07-20 15:29:55 +0000},
	Date-Modified = {2015-07-21 13:29:58 +0000},
	Editor = {S. Elliot and T. VenGraitis},
	Pages = {815},
	Publisher = {John Wiley and Sons, Inc.},
	Title = {Antenna Theory: Analysis and Design},
	Volume = {2},
	Year = {1997}}

@article{Sandford2010,
	Author = {D. J. Sandford and C. L. Beldon and R. E. Hibbins and N. J. Mitchell},
	Date-Added = {2015-07-20 15:22:25 +0000},
	Date-Modified = {2015-07-30 01:29:50 +0000},
	Journal = {Atmospheric Chemistry and Physics},
	Month = {November},
	Pages = {10273--10289},
	Title = {Dynamics of the Antarctic and Arctic mesosphere and lower thermosphere - Part 1: Mean winds},
	Volume = {10},
	Year = {2010},
	Bdsk-Url-1 = {bit.ly/1HLm30F}}

@article{Davis2013,
	Author = {R. N. Davis and J. Du and A. K. Smith and W. E. Ward and N. J. Mitchell},
	Date-Added = {2015-07-20 15:15:16 +0000},
	Date-Modified = {2015-07-30 01:23:52 +0000},
	Journal = {{Atmospheric Chemistry and Physics}},
	Pages = {9543--9564},
	Title = {{The diurnal and semidiurnal tides over Ascension Island ($8^\circ$ S, $14^\circ$ W) and their interaction with the stratospheric quasi-biennial oscillation: studies with meteor radar, eCMAM and WACCM}},
	Volume = {13},
	Year = {2013},
	Bdsk-Url-1 = {bit.ly/1OhJjY5}}

@book{IUPAC2014,
	Author = {{IUPAC}},
	Date-Added = {2015-07-20 01:31:50 +0000},
	Date-Modified = {2015-07-30 01:28:55 +0000},
	Month = {February},
	Pages = {915-6, 1533},
	Series = {Gold Book},
	Title = {Compendium of Chemical Terminology},
	Url = {bit.ly/1k0yQ5J},
	Year = {2014},
	Bdsk-Url-1 = {bit.ly/1k0yQ5J}}

@article{Rogers2012,
	Author = {A. E. E. Rogers and P. Erickson and V. L. Fish and J. Kitteredge and S. Danford and J. M. Marr and M. B. Arndt and J. Sarabia and D. Costa and S. K. May},
	Date-Added = {2015-07-19 23:45:27 +0000},
	Date-Modified = {2015-07-29 19:46:07 +0000},
	Journal = {Journal of Atmospheric and Oceanic Technology},
	Month = {July},
	Pages = {1492--1504},
	Title = {{Repeatability of the Seasonal Variations of Ozone near the Mesopause from Observations for the 11.072-GHz Line}},
	Volume = {29},
	Year = {2012},
	Bdsk-Url-1 = {bit.ly/1Jaz2gR}}

@article{Rogers2009,
	Author = {A. E. E. Rogers and M. Lekberg and P. Pratap},
	Date-Added = {2015-07-19 23:43:48 +0000},
	Date-Modified = {2015-07-29 19:46:13 +0000},
	Journal = {Journal of Atmospheric and Oceanic Technology},
	Month = {June},
	Pages = {2192--2199},
	Title = {{Seasonal and Diurnal Variations of Ozone Near the Mesopause from Observations of the 11.072-GHz Line}},
	Volume = {26},
	Year = {2009},
	Bdsk-Url-1 = {bit.ly/1Vj99Al}}
